@article{odrt,
    title={Calculating Individual Offensive and Defensive Ratings},
    author={Basketball-Reference},
    note={On-line at: \url{https://www.basketball-reference.com/about/ratings.html}}
}

@article{per,
    title={Calculating PER},
    author={Basketball-Reference},
    note={On-line at: \url{https://www.basketball-reference.com/about/per.html}}
}

@article{ws,
    title={NBA Win Shares},
    author={Basketball-Reference},
    note={On-line at: \url{https://www.basketball-reference.com/about/ws.html}}
}

@article{bpm,
    title={About Box Plus/Minus (BPM)},
    author={Basketball-Reference},
    note={On-line at: \url{https://www.basketball-reference.com/about/bpm.html}}
}

@article{boxplots,
    title={Understanding Boxplots},
    year={2018},
    author={Michael Galarnyk},
    note={On-line at: \url{https://towardsdatascience.com/understanding-boxplots-5e2df7bcbd51}}
}
